% This file was created with JabRef 2.10.
% Encoding: GBK


@article{nakamoto2008bitcoin,
  title={Bitcoin: A peer-to-peer electronic cash system},
  author={Nakamoto, Satoshi},
  year={2008}
}

@article{king2012ppcoin,
  title={Ppcoin: {Peer-to-peer} crypto-currency with proof-of-stake},
  author={King, Sunny and Nadal, Scott},
  year={2012}
}

@article{kufeoglu2019energy,
  title={Energy consumption of bitcoin mining},
  author={K{\"u}feoglu, Sinan and {\"O}zkuran, Mahmut},
  year={2019},
  publisher={Faculty of Economics, University of Cambridge}
}

@inproceedings{icbc,

author={Zhuo Cai and Amir Goharshady},
title={Trustless and Bias-resistant Game-theoretic Distributed Randomness},
booktitle={{IEEE ICBC}},
year = {2023}

}

@inproceedings{icbc2,
author={Soroush Farokhnia and Amir Goharshady},
title={Reducing the Gas Usage of {Ethereum} Smart Contracts without a Sidechain},
booktitle={{IEEE ICBC}},
year = {2023}

}

@inproceedings{sac23,
author={Soroush Farokhnia and Amir Goharshady},
title={Alleviating High Gas Costs by Secure and Trustless Off-chain Execution of Smart Contracts},
booktitle={{SAC}},
year = {2023}
}

@inproceedings{DBLP:conf/esop/ChatterjeeGV18,
  author    = {Krishnendu Chatterjee and
               Amir Kafshdar Goharshady and
               Yaron Velner},
  title     = {Quantitative Analysis of Smart Contracts},
  booktitle = {{ESOP}},
  pages     = {739--767},
  year      = {2018}
}

@inproceedings{DBLP:conf/concur/ChatterjeeGIV18,
  author    = {Krishnendu Chatterjee and
               Amir Kafshdar Goharshady and
               Rasmus Ibsen{-}Jensen and
               Yaron Velner},
  title     = {Ergodic Mean-Payoff Games for the Analysis of Attacks in Crypto-Currencies},
  booktitle = {{CONCUR}},
  year      = {2018}
}

@inproceedings{DBLP:conf/sac/ChatterjeeGP19,
  author    = {Krishnendu Chatterjee and
               Amir Kafshdar Goharshady and
               Arash Pourdamghani},
  title     = {Hybrid mining: {Exploiting} blockchain's computational power for distributed
               problem solving},
  booktitle = {{SAC}},
  pages     = {374--381},
  year      = {2019}
}

@inproceedings{DBLP:conf/blockchain2/MeybodiGHS22,
  author    = {Mohsen Alambardar Meybodi and
               Amir Kafshdar Goharshady and
               Mohammad Reza Hooshmandasl and
               Ali Shakiba},
  title     = {Optimal Mining: Maximizing {Bitcoin} Miners' Revenues from Transaction
               Fees},
  booktitle = {{IEEE Blockchain}},
  pages     = {266--273},
  year      = {2022}
}


@inproceedings{DBLP:conf/fc/ParkKFGAP18,
  author    = {Sunoo Park and
               Albert Kwon and
               Georg Fuchsbauer and
               Peter Gazi and
               Jo{\"{e}}l Alwen and
               Krzysztof Pietrzak},
  title     = {{SpaceMint}: {A} Cryptocurrency Based on Proofs of Space},
  booktitle = {FC},
  pages     = {480--499},
  year      = {2018}
}

@article{feichtinger2024sok,
  title={{SoK:} Attacks on {DAOs}},
  author={Feichtinger, Rainer and Fritsch, Robin and Heimbach, Lioba and Vonlanthen, Yann and Wattenhofer, Roger},
  journal={arXiv preprint arXiv:2406.15071},
  year={2024}
}

@article{santos2018dao,
  title={The {DAO}: a million dollar lesson in blockchain governance},
  author={Santos, Francisco and Kostakis, Vasileios},
  journal={School of Business and Governance, Ragnar Nurkse Department of Innovation and Governance},
  year={2018}
}

@InProceedings{bernardo:ouroboros-praos,
	author={David, Bernardo
	and Ga{\v{z}}i, Peter
	and Kiayias, Aggelos
	and Russell, Alexander},
	title={Ouroboros Praos: An Adaptively-Secure, Semi-synchronous Proof-of-Stake Blockchain},
	booktitle={{CRYPTO}},
	year={2018},
	pages={66--98}
}


@article{dameron2018beigepaper,
  title={Beigepaper: an {Ethereum} technical specification},
  author={Dameron, Micah},
  journal={Ethereum Project Beige Paper},
  year={2018}
}

@InProceedings{kiayias:ouroboros,
	author={Kiayias, Aggelos
	and Russell, Alexander
	and David, Bernardo
	and Oliynykov, Roman},
	title={Ouroboros: A Provably Secure Proof-of-Stake Blockchain Protocol},
	booktitle={{CRYPTO}},
	year={2017},
	pages={357--388}
}

@inproceedings{DBLP:conf/blockchain2/Goharshady21,
  author    = {Amir Kafshdar Goharshady},
  title     = {Irrationality, Extortion, or Trusted Third-parties: Why it is Impossible
               to Buy and Sell Physical Goods Securely on the Blockchain},
  booktitle = {{IEEE Blockchain}},
  pages     = {73--81},
  year      = {2021}
}

@inproceedings{krish:probabilistic-smart-contracts,
	author    = {Krishnendu Chatterjee and
	Amir Kafshdar Goharshady and
	Arash Pourdamghani},
	title     = {Probabilistic Smart Contracts: Secure Randomness on the Blockchain},
	booktitle={{IEEE ICBC}},
	pages     = {403--412},
	year      = {2019}
}


@inproceedings{micali:algorand,
	author    = {Yossi Gilad and
	Rotem Hemo and
	Silvio Micali and
	Georgios Vlachos and
	Nickolai Zeldovich},
	title     = {Algorand: Scaling {Byzantine} Agreements for Cryptocurrencies},
	booktitle = {{SOSP}},
	pages     = {51--68},
	year      = {2017}
}


@inproceedings{bryan:scalable-bias-resistant-distributed-randomness,
	author    = {Ewa Syta and
	Philipp Jovanovic and
	Eleftherios Kokoris{-}Kogias and
	Nicolas Gailly and
	Linus Gasser and
	Ismail Khoffi and
	Michael J. Fischer and
	Bryan Ford},
	title     = {Scalable Bias-Resistant Distributed Randomness},
	booktitle = {{SP}},
	pages     = {444--460},
	year      = {2017}
}


@inproceedings{edgar:hydrand,
	author    = {Philipp Schindler and
	Aljosha Judmayer and
	Nicholas Stifter and
	Edgar R. Weippl},
	title     = {Hyd{R}and: Efficient Continuous Distributed Randomness},
	booktitle = {{SP}},
	pages     = {73--89},
	year      = {2020}
}

@inproceedings{gang-randchain,
	author    = {Gang Wang and
	Mark Nixon},
	title     = {Rand{C}hain: Practical Scalable Decentralized Randomness Attested by
	Blockchain},
	booktitle = {{IEEE Blockchain}},
	pages     = {442--449},
	year      = {2020}
}

@inproceedings{berry:simple-pvss,
	author    = {Berry Schoenmakers},
	title     = {A Simple Publicly Verifiable Secret Sharing Scheme and Its Application
	to Electronic Voting},
	booktitle = {{CRYPTO}},
	pages     = {148--164},
	year      = {1999}
}


@inproceedings{yevgeniy:short-vrf,
	author    = {Yevgeniy Dodis and
	Aleksandr Yampolskiy},
	title     = {A Verifiable Random Function with Short Proofs and Keys},
	booktitle = {{PKC}},
	pages     = {416--431},
	year      = {2005}
}

@inproceedings{micali:vrf,
	author    = {Silvio Micali and
	Michael O. Rabin and
	Salil P. Vadhan},
	title     = {Verifiable Random Functions},
	booktitle = {{FOCS}},
	pages     = {120--130},
	year      = {1999}
}

@inproceedings{yuri:no-dealer-rng,
	author    = {Mikhail Krasnoselskii and
	Grigorii Melnikov and
	Yury Yanovich},
	title     = {No-Dealer: Byzantine Fault-Tolerant Random Number Generator},
	booktitle = {{INFOCOM}},
	pages     = {568--573},
	year      = {2020}
}


@article{maxwell:schnorr-multi-sig,
	author    = {Gregory Maxwell and
	Andrew Poelstra and
	Yannick Seurin and
	Pieter Wuille},
	title     = {Simple Schnorr multi-signatures with applications to Bitcoin},
	journal   = {Des. Codes Cryptogr.},
	pages     = {2139--2164},
	year      = {2019}
}

@InProceedings{boneh:vdf,
	author={Boneh, Dan
	and Bonneau, Joseph
	and B{\"u}nz, Benedikt
	and Fisch, Ben},
	title={Verifiable Delay Functions},
	booktitle={{CRYPTO}},
	year={2018},
	pages="757--788"
}

@inproceedings{DBLP:conf/eurocrypt/Groth16,
  author       = {Jens Groth},
  title        = {On the Size of Pairing-Based Non-interactive Arguments},
  booktitle    = {{EUROCRYPT}},
  pages        = {305--326},
  year         = {2016}
}


@article{nakamoto:bitcoin,
  title={Bitcoin: A peer-to-peer electronic cash system},
  author={Nakamoto, Satoshi},
  journal={Decentralized Business Review},
  pages={21260},
  year={2008}
}

@misc{bitcoin-energy,
	title = {Cambridge Bitcoin Electricity Consumption Index},
	url = {https://ccaf.io/cbeci/index}, 
	year={2022}, 
	lastaccessed={Oct 24, 2022}
}

@article{weinberg:bitcoin-oligopoly,
	author = {Arnosti, Nick and Weinberg, S. Matthew},
	title = {Bitcoin: A Natural Oligopoly},
	journal = {Management Science},
	pages = {4755-4771},
	year = {2022}
}

@inproceedings{castra:pbft,
	author    = {Miguel Castro and
	Barbara Liskov},
	title     = {Practical Byzantine Fault Tolerance},
	booktitle = {{OSDI}},
	pages     = {173--186},
	year      = {1999}
}

@book{algorithmic-game-theory-roughgarden, 
	publisher={Cambridge University Press}, 
	author={Tim Roughgarden and Noam Nisan}, 
	title={Algorithmic Game Theory},  
	year={2007}
}

@article{non-cooperative-games-nash,
	author = {Nash, John},
	title = {Non-Cooperative Games},
	journal = {Annals of Mathematics},
	year = {1951},
	pages = {286-95}
}

@article{coalition-proof-nash-equilibria,
	title = {Coalition-Proof {Nash} Equilibria I. Concepts},
	journal = {Journal of Economic Theory},
	pages = {1-12},
	year = {1987},
	author = {B.Douglas Bernheim and Bezalel Peleg and Michael D Whinston}
}

@inbook{acceptable-n-games,
	title = {16. Acceptable Points in General Cooperative n-Person Games},
	booktitle = {Contributions to the Theory of Games (AM-40), Volume IV},
	author = {Robert J. Aumann},
	pages = {287--324},
	year = {2016},
	publisher      = {Princeton University Press}
}

@inproceedings{chaum-pedersen-zero-knowledge-proof, 
	author = {Chaum, David and Pedersen, Torben P.}, 
	title = {Wallet Databases with Observers}, 
	year = {1992},
	booktitle = {{CRYPTO}}, 
	pages = {89â€“105}
}

@misc{randao,
title={{RANDAO}: A {DAO} working as {RNG} of {Ethereum}},
year={2019},
url={https://github.com/randao/randao}
}

@misc{pbs,
title={Proposer-builder separation},
year={2014},
url={https://ethereum.org/en/roadmap/pbs/}
}


@article{yakira2020economically,
  title={Economically Viable Randomness},
  author={Yakira, David and Asayag, Avi and Grayevsky, Ido and Keidar, Idit},
  journal={arXiv preprint arXiv:2007.03531},
  year={2020}
}

# lottery
@inproceedings{DBLP:conf/podc/Broder85,
  author       = {Andrei Z. Broder},
  title        = {A Provably Secure Polynomial Approximation Scheme for the Distributed
                  Lottery Problem},
  booktitle    = {{PODC}},
  pages        = {136--148},
  year         = {1985}
}


@inproceedings{DBLP:conf/iccsa/ChowHYC05,
  author       = {Sherman S. M. Chow and
                  Lucas Chi Kwong Hui and
                  Siu{-}Ming Yiu and
                  Kam{-}Pui Chow},
  title        = {An e-Lottery Scheme Using Verifiable Random Function},
  booktitle    = {{ICCSA} {(3)}},
  pages        = {651--660},
  year         = {2005}
}

@article{DBLP:journals/ijcomsys/LiuLCCJ14,
  author       = {Yi{-}Ning Liu and
                  D. Lin and
                  Chi Cheng and
                  H. Chen and
                  Tao Jiang},
  title        = {An improved \emph{t}-out-of-\emph{n} e-lottery protocol},
  journal      = {Int. J. Commun. Syst.},
  pages        = {3223--3231},
  year         = {2014}
}

@article{DBLP:journals/csi/LeeCI09,
  author       = {Jung{-}San Lee and
                  Chin{-}Chen Chang},
  title        = {Design of electronic t-out-of-n lotteries on the Internet},
  journal      = {Comput. Stand. Interfaces},
  pages        = {395--400},
  year         = {2009}
}

@inproceedings{DBLP:conf/dais/GrumbachR17,
  author       = {St{\'{e}}phane Grumbach and
                  Robert Riemann},
  title        = {Distributed Random Process for a Large-Scale Peer-to-Peer Lottery},
  booktitle    = {{DAIS}},
  pages        = {34--48},
  year         = {2017}
}

@article{DBLP:journals/symmetry/XiaLHC19,
  author       = {Zhe Xia and
                  Yi{-}Ning Liu and
                  Ching{-}Fang Hsu and
                  Chin{-}Chen Chang},
  title        = {An Information Theoretically Secure E-Lottery Scheme Based on Symmetric
                  Bivariate Polynomials},
  journal      = {Symmetry},
  pages        = {88},
  year         = {2019}
}

@misc{lottery-market,
	title = {Lottery Market: Global Opportunity Analysis and Industry Forecast, 2021-2031},
	url = {https://www.alliedmarketresearch.com/online-lottery-market-A14339}, 
	year={2022}, 
	lastaccessed={Jun 12, 2023}
}


@inproceedings{DBLP:conf/desec/LiZ019,
  author       = {Jiasheng Li and
                  Zijian Zhang and
                  Meng Li},
  title        = {Ban{FEL}: {A} Blockchain Based Smart Contract for Fair and Efficient
                  Lottery Scheme},
  booktitle    = {{DSC}},
  pages        = {1--8},
  year         = {2019}
}

@inproceedings{DBLP:conf/icbc2/ChenHCW19,
  author       = {Yu{-}Chi Chen and
                  Song{-}Yi Hsu and
                  Ting{-}Wei Chang and
                  Ting{-}Wei Wu},
  title        = {Lottery {DA}pp from Multi-Randomness Extraction},
  booktitle    = {{IEEE} {ICBC}},
  pages        = {78--80},
  year         = {2019}
}
@article{DBLP:journals/corr/abs-1912-00642,
  author       = {Yongrae Jo and
                  Chanik Park},
  title        = {Block{L}ot: Blockchain based Verifiable Lottery},
  journal      = {CoRR},
  volume       = {abs/1912.00642},
  year         = {2019}
}

@article{DBLP:journals/corr/abs-1911-02392,
  author       = {Zhifeng Jia and
                  Rui Chen and
                  Jie Li},
  title        = {De{L}ottery: {A} Novel Decentralized Lottery System Based on Blockchain
                  Technology},
  journal      = {CoRR},
  volume       = {abs/1911.02392},
  year         = {2019}
}


@inproceedings{DBLP:conf/pods/FischerLP83,
  author       = {Michael J. Fischer and
                  Nancy A. Lynch and
                  Mike Paterson},
  title        = {Impossibility of Distributed Consensus with One Faulty Process},
  booktitle    = {{PODS}},
  pages        = {1--7},
  year         = {1983}
}

@inproceedings{DBLP:conf/podc/Ben-Or83,
  author       = {Michael Ben{-}Or},
  title        = {Another Advantage of Free Choice: Completely Asynchronous Agreement
                  Protocols},
  booktitle    = {{PODC}},
  pages        = {27--30},
  year         = {1983}
}

@inproceedings{DBLP:conf/blockchain2/PanZLWS22,
  author       = {Yuechen Pan and
                  Yiwen Zhao and
                  Xiaoguang Liu and
                  Gang Wang and
                  Ming Su},
  title        = {{FPL}otto: {A} fair blockchain-based lottery scheme for privacy protection},
  booktitle    = {{Blockchain}},
  pages        = {21--28},
  year         = {2022}
}

@phdthesis{DBLP:phd/us/Gentry09,
  author       = {Craig Gentry},
  title        = {A fully homomorphic encryption scheme},
  school       = {Stanford University, {USA}},
  year         = {2009}
}

@inproceedings{DBLP:conf/crypto/BitanskyC12,
  author       = {Nir Bitansky and
                  Alessandro Chiesa},
  title        = {Succinct Arguments from Multi-prover Interactive Proofs and Their
                  Efficiency Benefits},
  booktitle    = {{CRYPTO}},
  pages        = {255--272},
  year         = {2012}
}

@inproceedings{DBLP:conf/stoc/GoldwasserM82,
  author       = {Shafi Goldwasser and
                  Silvio Micali},
  title        = {Probabilistic Encryption and How to Play Mental Poker Keeping Secret
                  All Partial Information},
  booktitle    = {{STOC}},
  pages        = {365--377},
  year         = {1982}
}

@inproceedings{DBLP:conf/icalp/Ben-SassonBHR18,
  author       = {Eli Ben{-}Sasson and
                  Iddo Bentov and
                  Yinon Horesh and
                  Michael Riabzev},
  title        = {Fast Reed-Solomon Interactive Oracle Proofs of Proximity},
  booktitle    = {{ICALP}},
  pages        = {14:1--14:17},
  year         = {2018}
}

@inproceedings{DBLP:conf/sp/BunzBBPWM18,
  author       = {Benedikt B{\"{u}}nz and
                  Jonathan Bootle and
                  Dan Boneh and
                  Andrew Poelstra and
                  Pieter Wuille and
                  Gregory Maxwell},
  title        = {Bulletproofs: Short Proofs for Confidential Transactions and More},
  booktitle    = {{SP}},
  pages        = {315--334},
  year         = {2018}
}

@inproceedings{DBLP:conf/crypto/Ben-SassonBHR19,
  author       = {Eli Ben{-}Sasson and
                  Iddo Bentov and
                  Yinon Horesh and
                  Michael Riabzev},
  title        = {Scalable Zero Knowledge with No Trusted Setup},
  booktitle    = {{CRYPTO}},
  pages        = {701--732},
  year         = {2019}
}


# New 1: sok on front-running 
@inproceedings{DBLP:conf/fc/EskandariMC19,
  author       = {Shayan Eskandari and
                  Seyedehmahsa Moosavi and
                  Jeremy Clark},
  title        = {{SoK}: Transparent Dishonesty: Front-Running Attacks on Blockchain},
  booktitle    = {{FC}}},
  pages        = {170--189},
  year         = {2019}
}


@inproceedings{DBLP:conf/tokenomics/CanidioD22,
  author       = {Andrea Canidio and
                  Vincent Danos},
  title        = {Commit-Reveal Schemes Against Front-Running Attacks},
  booktitle    = {{Tokenomics}},
  pages        = {7:1--7:5},
  year         = {2022}
}

@inproceedings{DBLP:conf/fc/BaumCDFG22,
  author       = {Carsten Baum and
                  James Hsin{-}yu Chiang and
                  Bernardo David and
                  Tore Kasper Frederiksen and
                  Lorenzo Gentile},
  title        = {{SoK}: Mitigation of Front-Running in Decentralized Finance},
  booktitle    = {{FC}},
  pages        = {250--271},
  year         = {2022}
}

@article{DBLP:journals/iacr/KavousiWJ23,
  author       = {Alireza Kavousi and
                  Zhipeng Wang and
                  Philipp Jovanovic},
  title        = {SoK: Public Randomness},
  journal      = {{IACR} Cryptol. ePrint Arch.},
  pages        = {1121},
  year         = {2023}
}

@inproceedings{DBLP:conf/acns/CascudoD17,
  author       = {Ignacio Cascudo and
                  Bernardo David},
  title        = {{SCRAPE:} Scalable Randomness Attested by Public Entities},
  booktitle    = {{ACNS}},
  pages        = {537--556},
  year         = {2017}
}

@inproceedings{DBLP:conf/asiacrypt/CascudoD20,
  author       = {Ignacio Cascudo and
                  Bernardo David},
  title        = {{ALBATROSS:} Publicly AttestabLe BATched Randomness Based On Secret
                  Sharing},
  booktitle    = {{ASIACRYPT}},
  pages        = {311--341},
  year         = {2020}
}

@inproceedings{DBLP:conf/eurocrypt/EphraimFKP20a,
  author       = {Naomi Ephraim and
                  Cody Freitag and
                  Ilan Komargodski and
                  Rafael Pass},
  title        = {Continuous Verifiable Delay Functions},
  booktitle    = {{EUROCRYPT}},
  pages        = {125--154},
  year         = {2020}
}

@inproceedings{DBLP:conf/eurocrypt/Wesolowski19,
  author       = {Benjamin Wesolowski},
  title        = {Efficient Verifiable Delay Functions},
  booktitle    = {{EUROCRYPT}},
  pages        = {379--407},
  year         = {2019}
}

@article{DBLP:journals/iacr/HanYL20,
  author       = {Runchao Han and
                  Jiangshan Yu and
                  Haoyu Lin},
  title        = {RandChain: Decentralised Randomness Beacon from Sequential Proof-of-Work},
  journal      = {{IACR} Cryptol. ePrint Arch.},
  pages        = {1033},
  year         = {2020}
}

@inproceedings{DBLP:conf/ndss/SchindlerJHSW21,
  author       = {Philipp Schindler and
                  Aljosha Judmayer and
                  Markus Hittmeir and
                  Nicholas Stifter and
                  Edgar R. Weippl},
  title        = {RandRunner: Distributed Randomness from Trapdoor VDFs with Strong
                  Uniqueness},
  booktitle    = {{NDSS}},
  year         = {2021}
}

@article{gasper,
  author       = {Vitalik Buterin and
                  Diego Hernandez and
                  Thor Kamphefner and
                  Khiem Pham and
                  Zhi Qiao and
                  Danny Ryan and
                  Juhyeok Sin and
                  Ying Wang and
                  Yan X. Zhang},
  title        = {Combining {GHOST} and Casper},
  journal      = {CoRR},
  volume       = {abs/2003.03052},
  year         = {2020}
}

@inproceedings{DBLP:conf/icbc2/KarakostasK21,
  author       = {Dimitris Karakostas and
                  Aggelos Kiayias},
  title        = {Securing Proof-of-Work Ledgers via Checkpointing},
  booktitle    = {{IEEE} {ICBC}},
  pages        = {1--5},
  year         = {2021}
}

@inproceedings{DBLP:conf/podc/DolevR82,
  author       = {Danny Dolev and
                  R{\"{u}}diger Reischuk},
  title        = {Bounds on Information Exchange for Byzantine Agreement},
  booktitle    = {{PODC}},
  pages        = {132--140},
  year         = {1982}
}

@article{DBLP:journals/jacm/KingS11,
  author       = {Valerie King and
                  Jared Saia},
  title        = {Breaking the \emph{O}(\emph{n}\({}^{\mbox{2}}\)) bit barrier: Scalable
                  byzantine agreement with an adaptive adversary},
  journal      = {J. {ACM}},
  volume       = {58},
  number       = {4},
  pages        = {18:1--18:24},
  year         = {2011}
}

@inproceedings{DBLP:conf/soda/KingSSV06,
  author       = {Valerie King and
                  Jared Saia and
                  Vishal Sanwalani and
                  Erik Vee},
  title        = {Scalable leader election},
  booktitle    = {{SODA}},
  pages        = {990--999},
  year         = {2006}
}

@article{DBLP:journals/dc/FischerLM86,
  author       = {Michael J. Fischer and
                  Nancy A. Lynch and
                  Michael Merritt},
  title        = {Easy Impossibility Proofs for Distributed Consensus Problems},
  journal      = {Distributed Comput.},
  volume       = {1},
  number       = {1},
  pages        = {26--39},
  year         = {1986}
}

@inproceedings{DBLP:conf/podc/AbrahamMS19,
  author       = {Ittai Abraham and
                  Dahlia Malkhi and
                  Alexander Spiegelman},
  title        = {Asymptotically Optimal Validated Asynchronous Byzantine Agreement},
  booktitle    = {{PODC}},
  pages        = {337--346},
  year         = {2019}
}

@inproceedings{DBLP:conf/ccs/XieZCZ0JBS22,
  author       = {Tiancheng Xie and
                  Jiaheng Zhang and
                  Zerui Cheng and
                  Fan Zhang and
                  Yupeng Zhang and
                  Yongzheng Jia and
                  Dan Boneh and
                  Dawn Song},
  title        = {zkBridge: Trustless Cross-chain Bridges Made Practical},
  booktitle    = {{CCS}},
  pages        = {3003--3017},
  year         = {2022}
}

@inproceedings{DBLP:journals/iacr/LiuXZSZ23,
  author       = {Tianyi Liu and
                  Tiancheng Xie and
                  Jiaheng Zhang and
                  Dawn Song and
                  Yupeng Zhang},
  title        = {Pianist: Scalable zkRollups via Fully Distributed Zero-Knowledge Proofs},
  booktitle      = {{SP}},
  year         = {2024}
}

@article{DBLP:journals/iacr/GabizonWC19,
  author       = {Ariel Gabizon and
                  Zachary J. Williamson and
                  Oana Ciobotaru},
  title        = {{PLONK:} Permutations over Lagrange-bases for Oecumenical Noninteractive
                  arguments of Knowledge},
  journal      = {{IACR} Cryptol. ePrint Arch.},
  pages        = {953},
  year         = {2019}
}

@article{DBLP:journals/iacr/KothapalliS23,
  author       = {Abhiram Kothapalli and
                  Srinath T. V. Setty},
  title        = {HyperNova: Recursive arguments for customizable constraint systems},
  journal      = {{IACR} Cryptol. ePrint Arch.},
  pages        = {573},
  year         = {2023}
}
@inproceedings{DBLP:conf/crypto/KothapalliST22,
  author       = {Abhiram Kothapalli and
                  Srinath T. V. Setty and
                  Ioanna Tzialla},
  title        = {Nova: Recursive Zero-Knowledge Arguments from Folding Schemes},
  booktitle    = {{CRYPTO} {(4)}},
  volume       = {13510},
  pages        = {359--388},
  year         = {2022}
}

@phdthesis{buchman2016tendermint,
  title={Tendermint: Byzantine fault tolerance in the age of blockchains},
  author={Buchman, Ethan},
  year={2016},
  school={University of Guelph}
}



@article{DBLP:journals/corr/abs-1710-09437,
  author       = {Vitalik Buterin and
                  Virgil Griffith},
  title        = {Casper the Friendly Finality Gadget},
  journal      = {CoRR},
  volume       = {abs/1710.09437},
  year         = {2017}
}

@inproceedings{DBLP:conf/crypto/DziembowskiFKP15,
  author       = {Stefan Dziembowski and
                  Sebastian Faust and
                  Vladimir Kolmogorov and
                  Krzysztof Pietrzak},
  title        = {Proofs of Space},
  booktitle    = {{CRYPTO}},
  pages        = {585--605},
  year         = {2015}
}

@inproceedings{DBLP:conf/crypto/MoranO19,
  author       = {Tal Moran and
                  Ilan Orlov},
  title        = {Simple Proofs of Space-Time and Rational Proofs of Storage},
  booktitle    = {{CRYPTO}},
  pages        = {381--409},
  year         = {2019}
}

@inproceedings{DBLP:conf/fc/SompolinskyZ15,
  author       = {Yonatan Sompolinsky and
                  Aviv Zohar},
  title        = {Secure High-Rate Transaction Processing in Bitcoin},
  booktitle    = {Financial Cryptography},
  volume       = {8975},
  pages        = {507--527},
  year         = {2015}
}

@inproceedings{DBLP:conf/aft/AzouviDN20,
  author       = {Sarah Azouvi and
                  George Danezis and
                  Valeria Nikolaenko},
  title        = {Winkle: Foiling Long-Range Attacks in Proof-of-Stake Systems},
  booktitle    = {{AFT}},
  pages        = {189--201},
  year         = {2020}
}

@inproceedings{DBLP:conf/eurocrypt/KiayiasLS24,
  author       = {Aggelos Kiayias and
                  Nikos Leonardos and
                  Yu Shen},
  title        = {Ordering Transactions with Bounded Unfairness: Definitions, Complexity
                  and Constructions},
  booktitle    = {{EUROCRYPT} {(3)}},
  volume       = {14653},
  pages        = {34--63},
  year         = {2024}
}

@inproceedings{DBLP:conf/crypto/Kelkar0GJ20,
  author       = {Mahimna Kelkar and
                  Fan Zhang and
                  Steven Goldfeder and
                  Ari Juels},
  title        = {Order-Fairness for {Byzantine} Consensus},
  booktitle    = {{CRYPTO} {(3)}},
  volume       = {12172},
  pages        = {451--480},
  year         = {2020}
}

@inproceedings{DBLP:conf/podc/YinMRGA19,
  author       = {Maofan Yin and
                  Dahlia Malkhi and
                  Michael K. Reiter and
                  Guy Golan{-}Gueta and
                  Ittai Abraham},
  title        = {{HotStuff}: {BFT} Consensus with Linearity and Responsiveness},
  booktitle    = {{PODC}},
  pages        = {347--356},
  year         = {2019}
}


@inproceedings{DBLP:conf/bsci/VarunPS22,
  author       = {Maddipati Varun and
                  Balaji Palanisamy and
                  Shamik Sural},
  title        = {Mitigating Frontrunning Attacks in {Ethereum}},
  booktitle    = {{BSCI}},
  pages        = {115--124},
  year         = {2022}
}

@inproceedings{DBLP:conf/sp/DaianGKLZBBJ20,
  author       = {Philip Daian and
                  Steven Goldfeder and
                  Tyler Kell and
                  Yunqi Li and
                  Xueyuan Zhao and
                  Iddo Bentov and
                  Lorenz Breidenbach and
                  Ari Juels},
  title        = {{Flash Boys} 2.0: {Frontrunning} in Decentralized Exchanges, Miner Extractable
                  Value, and Consensus Instability},
  booktitle    = {{SP}},
  pages        = {910--927},
  year         = {2020}
}

@inproceedings{DBLP:conf/sp/AbrahamMN0Y20,
  author       = {Ittai Abraham and
                  Dahlia Malkhi and
                  Kartik Nayak and
                  Ling Ren and
                  Maofan Yin},
  title        = {{Sync HotStuff}: Simple and Practical Synchronous State Machine Replication},
  booktitle    = {{SP}},
  pages        = {106--118}, 
  year         = {2020}
}

@inproceedings{DBLP:conf/aft/AzouviDN20,
  author       = {Sarah Azouvi and
                  George Danezis and
                  Valeria Nikolaenko},
  title        = {Winkle: Foiling Long-Range Attacks in Proof-of-Stake Systems},
  booktitle    = {{AFT}},
  pages        = {189--201},
  publisher    = {{ACM}},
  year         = {2020}
}

@article{DBLP:journals/access/DeirmentzoglouP19,
  author       = {Evangelos Deirmentzoglou and
                  Georgios Papakyriakopoulos and
                  Constantinos Patsakis},
  title        = {A Survey on Long-Range Attacks for Proof of Stake Protocols},
  journal      = {{IEEE} Access},
  volume       = {7},
  pages        = {28712--28725},
  year         = {2019}
}

@book{coq,
  title={Interactive theorem proving and program development: Coqâ€™Art: the calculus of inductive constructions},
  author={Bertot, Yves and Cast{\'e}ran, Pierre},
  year={2013},
  publisher={Springer Science \& Business Media}
}


@inproceedings{DBLP:conf/ccs/Momose022,
  author       = {Atsuki Momose and
                  Ling Ren},
  title        = {Constant Latency in Sleepy Consensus},
  booktitle    = {{CCS}},
  pages        = {2295--2308},
  year         = {2022}
}

@inproceedings{ndss2024-separation-faster-order-fairness,
  author       = {Ke Mu and
                  Bo Yin and
                  Alia Asheralieva and
                  Xuetao Wei},
  title        = {Separation is Good: A Faster Order-Fairness {B}yzantine Consensus},
  booktitle    = {{NDSS}},
  year         = {2024}
}

@inproceedings{DBLP:conf/fc/CachinMSZ22,
  author       = {Christian Cachin and
                  Jovana Micic and
                  Nathalie Steinhauer and
                  Luca Zanolini},
  title        = {Quick Order Fairness},
  booktitle    = {{FC}},
  pages        = {316--333},
  year         = {2022}
}

@inproceedings{DBLP:conf/icse/YangCHZ024,
  author       = {Shuo Yang and
                  Jiachi Chen and
                  Mingyuan Huang and
                  Zibin Zheng and
                  Yuan Huang},
  title        = {Uncover the Premeditated Attacks: Detecting Exploitable Reentrancy
                  Vulnerabilities by Identifying Attacker Contracts},
  booktitle    = {{ICSE}},
  pages        = {128:1--128:12},
  year         = {2024}
}

@article{DBLP:journals/compsec/GuoHZWJS24,
  author       = {Longtao Guo and
                  Huakun Huang and
                  Lingjun Zhao and
                  Peiliang Wang and
                  Shan Jiang and
                  Chunhua Su},
  title        = {Reentrancy vulnerability detection based on graph convolutional networks
                  and expert patterns under subspace mapping},
  journal      = {Comput. Secur.},
  pages        = {103894},
  year         = {2024}
}

@article{wood2014ethereum,
  title={Ethereum: A secure decentralised generalised transaction ledger},
  author={Wood, Gavin and others},
  journal={Ethereum project yellow paper},
  volume={151},
  number={2014},
  pages={1--32},
  year={2014}
}

@article{DBLP:journals/distribledger/JiaoXQWXN24,
  author       = {Tengyun Jiao and
                  Zhiyu Xu and
                  Minfeng Qi and
                  Sheng Wen and
                  Yang Xiang and
                  Gary Nan},
  title        = {A Survey of Ethereum Smart Contract Security: Attacks and Detection},
  journal      = {Distributed Ledger Technol. Res. Pract.},
  pages        = {23:1--23:28},
  year         = {2024}
}

@inproceedings{DBLP:conf/sigecom/KiayiasKKT16,
  author       = {Aggelos Kiayias and
                  Elias Koutsoupias and
                  Maria Kyropoulou and
                  Yiannis Tselekounis},
  title        = {Blockchain Mining Games},
  booktitle    = {{EC}},
  pages        = {365--382},
  year         = {2016}
}

@inproceedings{DBLP:conf/sigecom/FerreiraW21,
  author       = {Matheus V. X. Ferreira and
                  S. Matthew Weinberg},
  title        = {Proof-of-Stake Mining Games with Perfect Randomness},
  booktitle    = {{EC}},
  pages        = {433--453},
  year         = {2021}
}

@inproceedings{DBLP:conf/ccs/CarlstenKWN16,
  author       = {Miles Carlsten and
                  Harry A. Kalodner and
                  S. Matthew Weinberg and
                  Arvind Narayanan},
  title        = {On the Instability of Bitcoin Without the Block Reward},
  booktitle    = {{CCS}},
  pages        = {154--167},
  year         = {2016}
}

@inproceedings{DBLP:conf/uss/HeilmanKZG15,
  author       = {Ethan Heilman and
                  Alison Kendler and
                  Aviv Zohar and
                  Sharon Goldberg},
  title        = {Eclipse Attacks on Bitcoin's Peer-to-Peer Network},
  booktitle    = {{USENIX} Security Symposium},
  pages        = {129--144},
  year         = {2015}
}
